@article{ref1,
	author = "Emmanuel Parmentier",
	title = "Diseño e implementación de un servicio de conexión de la oferta y la demanda de proyectos de fin de carrera de cooperación",
	journal = "Director: Carlos Mataix UPM Titulación: Ingeniería Industrial de la UPM. 2004"
}

@misc{ref2,
author = "Emmanuel Parmentier",
title = "Diseño e implementación de un servicio de conexión de la oferta y la demanda de proyectos de fin de carrera de cooperación",
journal = "Director: Carlos Mataix UPM Titulación: Ingeniería Industrial de la UPM. 2004"
}

@misc{ref3,
author = "Emmanuel Parmentier",
title = "Diseño e implementación de un servicio de conexión de la oferta y la demanda de proyectos de fin de carrera de cooperación",
journal = "Director: Carlos Mataix UPM Titulación: Ingeniería Industrial de la UPM. 2004"
}

@misc{ref4,
author = "Emmanuel Parmentier",
title = "Diseño e implementación de un servicio de conexión de la oferta y la demanda de proyectos de fin de carrera de cooperación",
journal = "Director: Carlos Mataix UPM Titulación: Ingeniería Industrial de la UPM. 2004"
}

@misc{ref5,
author = "Emmanuel Parmentier",
title = "Diseño e implementación de un servicio de conexión de la oferta y la demanda de proyectos de fin de carrera de cooperación",
journal = "Director: Carlos Mataix UPM Titulación: Ingeniería Industrial de la UPM. 2004"
}

@misc{ref6,
author = "Emmanuel Parmentier",
title = "Diseño e implementación de un servicio de conexión de la oferta y la demanda de proyectos de fin de carrera de cooperación",
journal = "Director: Carlos Mataix UPM Titulación: Ingeniería Industrial de la UPM. 2004"
}